@article{basicICP,
 author = {Besl, Paul J. and McKay, Neil D.},
 title = {A Method for Registration of 3-D Shapes},
 journal = {IEEE Trans. Pattern Anal. Mach. Intell.},
 issue_date = {February 1992},
 volume = {14},
 number = {2},
 month = feb,
 year = {1992},
 issn = {0162-8828},
 pages = {239--256},
 numpages = {18},
 url = {http://dx.doi.org/10.1109/34.121791},
 doi = {10.1109/34.121791},
 acmid = {132022},
 publisher = {IEEE Computer Society},
 address = {Washington, DC, USA},
 keywords = {3D shape registration, computational geometry, convergence, convergence of numerical methods, geometric entity, geometric model, iterative closest point, iterative methods, mean-square distance metric, optimisation, pattern recognition, picture processing, point set registration},
} 
